<record><leader>00000cas a22000007a 4500</leader><controlfield tag="001">20293138</controlfield><controlfield tag="008">890901d18811934nduwr ne      0    0eng d</controlfield><datafield ind1=" " ind2=" " tag="010"><subfield code="a">sn 89074266 </subfield></datafield><datafield ind1=" " ind2=" " tag="040"><subfield code="a">NOP</subfield><subfield code="b">eng</subfield><subfield code="c">NOP</subfield><subfield code="d">OCLCQ</subfield></datafield><datafield ind1=" " ind2=" " tag="042"><subfield code="a">msc</subfield></datafield><datafield ind1="0" ind2="4" tag="245"><subfield code="a">The Sanborn enterprise.</subfield></datafield><datafield ind1=" " ind2=" " tag="260"><subfield code="a">Sanborn, Dakota [N.D.] :</subfield><subfield code="b">William McKean</subfield></datafield><datafield ind1=" " ind2=" " tag="300"><subfield code="a">53 v. :</subfield><subfield code="b">ill. ;</subfield><subfield code="c">55 cm.</subfield></datafield><datafield ind1=" " ind2=" " tag="310"><subfield code="a">Weekly</subfield></datafield><datafield ind1="0" ind2=" " tag="362"><subfield code="a">Vol. 1, no. 1 (Dec. 16, 1881)-v. 53, no. 52 (Dec. 6, 1934).</subfield></datafield><datafield ind1=" " ind2=" " tag="500"><subfield code="a">Official paper: Barnes County, 1899-1900, 1906-1907, 1909, 1912, 1914-1920; Barnes County and Village of Sanborn, 1901-1902; Village of Sanborn, 1921-1934.</subfield></datafield><datafield ind1=" " ind2=" " tag="530"><subfield code="a">Available on microfilm from the State Historical Society of North Dakota.</subfield></datafield><datafield ind1=" " ind2=" " tag="752"><subfield code="a">United States</subfield><subfield code="b">North Dakota</subfield><subfield code="c">Barnes</subfield><subfield code="d">Sanborn.</subfield></datafield></record>